
@misc{sixty_symbols_mirages_nodate,
	title = {Mirages - {Sixty} {Symbols}},
	url = {https://www.youtube.com/watch?v=6x52290in9w},
	urldate = {2019-03-13},
	author = {{Sixty Symbols}}
}